@book{FernandezGonzalez,
      author        = "Fernandez Gonzalez, Javier",
      title         = "{Mastering concurrency programming with Java 8: master the
                       principles and techniques of multithreaded programming with
                       the Java 8 concurrency API}",
      publisher     = "Packt Publ.",
      address       = "Birmingham",
      series        = "Community experience distilled",
      year          = "2016"
}
@book{schildt2014,
  title={Java: The Complete Reference, Ninth Edition},
  author={Schildt, Herbert and Coward, Danny},
  year={2014},
  publisher={McGraw-Hill Education}
}

@BOOK {DMP2011,
    author    = "Ian H. Witten,  Eibe Frank,  Mark A. Hall",
    title     = "Data Mining: Practical Machine Learning Tools and Techniques",
    publisher = "Morgan Kaufmann; 3 edition (January 20, 2011)",
    year      = "2013"
}
@ONLINE {JiaweiIntro,
    author = "Jiawei Han",
    title  = "Introduction to Data Mining",
    url    = "http://hanj.cs.illinois.edu/pdf/ency99.pdf"
}
@BOOK {Disco,
    author    = "Daniel T. Larose",
    title     = "DISCOVERING KNOWLEDGE IN DATA An Introduction to Data Mining",
    publisher = "John Wiley \& Sons",
    year      = "2014"
}
@article{carvalho2009scoring,
  title={Scoring functions for learning Bayesian networks},
  author={Carvalho, Alexandra M},
  journal={Inesc-id Tec. Rep},
  year={2009}
}
@article{ruiz2005illustration,
  title={Illustration of the K2 algorithm for learning Bayes net structures},
  author={Ruiz, Carolina},
  journal={Department of Computer Science, WPI},
  year={2005}
}